<?xml version="1.0" encoding="UTF-8"?>
<?xml-stylesheet type="text/xsl" href="https://www.revistas.usp.br/lib/pkp/xml/oai2.xsl" ?>
<OAI-PMH xmlns="http://www.openarchives.org/OAI/2.0/" xmlns:xsi="http://www.w3.org/2001/XMLSchema-instance" xsi:schemaLocation="http://www.openarchives.org/OAI/2.0/ http://www.openarchives.org/OAI/2.0/OAI-PMH.xsd">
<responseDate>2023-08-07T14:50:14Z</responseDate>
<request verb="ListRecords" metadataPrefix="marcxml" set="actafisiatrica">https://www.revistas.usp.br/actafisiatrica/oai</request>
<ListRecords>
<record>
<header>
<identifier>oai:revistas.usp.br:article/103728</identifier>
<datestamp>2019-09-26T14:20:35Z</datestamp>
<setSpec>actafisiatrica:Art.+Orig.</setSpec>
<setSpec>driver</setSpec>
</header>
<metadata>
<record xmlns="http://www.loc.gov/MARC21/slim" xmlns:xsi="http://www.w3.org/2001/XMLSchema-instance" xsi:schemaLocation="http://www.loc.gov/MARC21/slim http://www.loc.gov/standards/marcxml/schema/MARC21slim.xsd">
<leader>     nmb a2200000Iu 4500</leader>
<controlfield tag="008">"121209 2012                        eng  "</controlfield>
<datafield tag="022" ind1="#" ind2="#">
<subfield code="$a">2317-0190</subfield>
</datafield>
<datafield tag="022" ind1="#" ind2="#">
<subfield code="$a">0104-7795</subfield>
</datafield>
<datafield tag="042" ind1=" " ind2=" ">
<subfield code="a">dc</subfield>
</datafield>
<datafield tag="245" ind1="0" ind2="0">
<subfield code="a">Capacidade funcional do idoso frequentador do Programa Saúde da Família do bairro Viveiros do município de Feira de Santana, Bahia</subfield>
</datafield>  <datafield tag="720" ind1="1" ind2=" ">
<subfield code="a">Santos, Priscilla Oliveira</subfield>
<subfield code="u">Secretaria Municipal de Saúde de Feira de Santana</subfield></datafield>
<datafield tag="720" ind1="1" ind2=" ">
<subfield code="a">Silva, Ivana Soares da</subfield>
<subfield code="u">Secretaria Municipal de Saúde de Feira de Santana</subfield></datafield>
<datafield tag="720" ind1="1" ind2=" ">
<subfield code="a">Silva, Menilde Araújo</subfield>
<subfield code="u">Secretaria Municipal de Saúde de Feira de Santana</subfield></datafield>
<datafield tag="520" ind1=" " ind2=" ">
<subfield code="a"> As people grow older, their functional losses become more and more evident. The elderly will progressively stop performing basic activities of life, thereby decreasing his/her functional capacity - measured in terms of his/her independence and ability to perform certain daily activities. Objective: To assess the functional capacity of elderly people attending the Family Health Program (“Programa Saúde da Família”) in the neighborhood of Viveiros, Feira de Santana, Bahia. Method: This study is a cross-sectional research with a quantitative approach. The sample consisted of 34 male and female patients, aged 75. We conducted home visits to each of these elderly persons in order to apply three types of test: the Barthel Index, the Lawton Index and the Mini Mental State Examination. Results: The results show that 54.5% of these elders were found to be independent according to the Barthel Index, 51.5% were totally dependent according to the Lowton Index and 87.9% have some type of cognitive impairment according to the Mini Mental State Examination. Conclusion: Professionals working in the Family Health Program have to pay attention to the health status of the elderly, developing their care plan in accordance with the elderly’s actual needs. We hope that the interest of other researchers about the proposed topic will be raised, in order to increase the availability of research (currently scarce) in this area of knowledge, so that the elderly will receive more adequate attention and counseling, by expanding the range of services and programs available to them. </subfield>
</datafield>
<datafield tag="260" ind1=" " ind2=" ">
<subfield code="b">Faculdade de Medicina, Universidade de São Paulo</subfield>
</datafield>
<dataField tag="260" ind1=" " ind2=" ">
<subfield code="c">2012-12-09 00:00:00</subfield>
</dataField>   <datafield tag="856" ind1=" " ind2=" ">
<subfield code="q">application/pdf</subfield>
</datafield>
<datafield tag="856" ind1=" " ind2=" ">
<subfield code="q">application/pdf</subfield>
</datafield>
<datafield tag="856" ind1="4" ind2="0">
<subfield code="u">https://www.revistas.usp.br/actafisiatrica/article/view/103728</subfield>
</datafield>  <datafield tag="786" ind1="0" ind2=" ">
<subfield code="n">Acta Fisiátrica; v. 19 n. 4 (2012)</subfield>
</datafield>  <datafield tag="546" ind1=" " ind2=" ">
<subfield code="a">eng</subfield>
</datafield>   <datafield tag="540" ind1=" " ind2=" ">
<subfield code="a">Copyright (c) 2012 Acta Fisiátrica</subfield>
</datafield>
</record>
</metadata>
</record>