
<record>
<header>
<identifier>oai:revistas.usp.br:article/103729</identifier>
<datestamp>2019-09-26T14:25:45Z</datestamp>
<setSpec>actafisiatrica:Art.+Orig.</setSpec>
<setSpec>driver</setSpec>
</header>
<metadata>
<record xmlns="http://www.loc.gov/MARC21/slim" xmlns:xsi="http://www.w3.org/2001/XMLSchema-instance" xsi:schemaLocation="http://www.loc.gov/MARC21/slim http://www.loc.gov/standards/marcxml/schema/MARC21slim.xsd">
<leader>     nmb a2200000Iu 4500</leader>
<controlfield tag="008">"121209 2012                        eng  "</controlfield>
<datafield tag="022" ind1="#" ind2="#">
<subfield code="$a">2317-0190</subfield>
</datafield>
<datafield tag="022" ind1="#" ind2="#">
<subfield code="$a">0104-7795</subfield>
</datafield>
<datafield tag="042" ind1=" " ind2=" ">
<subfield code="a">dc</subfield>
</datafield>
<datafield tag="245" ind1="0" ind2="0">
<subfield code="a">Abordagem das atividades funcionais e da influência dos fatores ambientais em pacientes hemiparéticos pós-AVE antes e após o tratamento fisioterapêutico</subfield>
</datafield>  <datafield tag="720" ind1="1" ind2=" ">
<subfield code="a">Lopes, Geovanna Lemos</subfield>
<subfield code="u">Programa de Residência Multiprofissional em Saúde Estratégia Saúde da Família</subfield></datafield>
<datafield tag="720" ind1="1" ind2=" ">
<subfield code="a">Castaneda, Luciana</subfield>
<subfield code="u">Instituto Brasileiro de Medicina de Reabilitação - Laureate Universities.</subfield></datafield>
<datafield tag="720" ind1="1" ind2=" ">
<subfield code="a">Sobral, Luciane Lobato</subfield>
<subfield code="u">Universidade do Estado do Pará</subfield></datafield>
<datafield tag="520" ind1=" " ind2=" ">
<subfield code="a"> Stroke is the leading cause of neurological disability and hemiparesis is its most common sequelae. The physical and functional limitations combined with the influence of environmental factors directly affect an individual’s functionally. For an effective neurological rehabilitation, it is essential that physiotherapists know the patient’s functional profile in order to plan the treatment to meet his/her real needs. Objective: To analyze the functional activities and influence of environmental factors in poststroke hemiparetic patients before and after physical therapy. Method: Twelve post-stroke hemiparetic patients were evaluated before and after 20 physical therapy sessions with the Barthel Index (BI) and an evaluation model based on an abbreviated core set of the International Classification of Functioning, Disability and Health (ICF) for stroke, based in the generic qualifiers system of the ICF. Results: There was significant improvement for the activities walk (d450) (p = 0.0033), dress (d540) (p = 0.018) and eat (d550) (p = 0.018) for the evaluation model based on the ICF. According to the BI, significant improvement was detected for the activities of feed (p = 0.0341), dress (p = 0.0277), toilet (p = 0.0117), and up/ down stairs (p = 0.0077). The environment factors immediate family and health professionals were the most positive influence on the health status of patients. Conclusion: Physical therapy was effective for improving the condition of patients since, according to the patients, some daily activities can be performed with more ease at the end of the physical therapy treatment. To meet their needs, it is important to develop an individual treatment plan, emphasizing the context in which he/she is inserted, in order to address the real limitations on activities and restrictions to participation. </subfield>
</datafield>
<datafield tag="260" ind1=" " ind2=" ">
<subfield code="b">Faculdade de Medicina, Universidade de São Paulo</subfield>
</datafield>
<dataField tag="260" ind1=" " ind2=" ">
<subfield code="c">2012-12-09 00:00:00</subfield>
</dataField>   <datafield tag="856" ind1=" " ind2=" ">
<subfield code="q">application/pdf</subfield>
</datafield>
<datafield tag="856" ind1=" " ind2=" ">
<subfield code="q">application/pdf</subfield>
</datafield>
<datafield tag="856" ind1="4" ind2="0">
<subfield code="u">https://www.revistas.usp.br/actafisiatrica/article/view/103729</subfield>
</datafield>  <datafield tag="786" ind1="0" ind2=" ">
<subfield code="n">Acta Fisiátrica; v. 19 n. 4 (2012)</subfield>
</datafield>  <datafield tag="546" ind1=" " ind2=" ">
<subfield code="a">eng</subfield>
</datafield>   <datafield tag="540" ind1=" " ind2=" ">
<subfield code="a">Copyright (c) 2012 Acta Fisiátrica</subfield>
</datafield>
</record>
</metadata>
</record>