
<record>
<header>
<identifier>oai:revistas.usp.br:article/103731</identifier>
<datestamp>2019-09-26T14:42:16Z</datestamp>
<setSpec>actafisiatrica:Art.+Rev.</setSpec>
<setSpec>driver</setSpec>
</header>
<metadata>
<record xmlns="http://www.loc.gov/MARC21/slim" xmlns:xsi="http://www.w3.org/2001/XMLSchema-instance" xsi:schemaLocation="http://www.loc.gov/MARC21/slim http://www.loc.gov/standards/marcxml/schema/MARC21slim.xsd">
<leader>     nmb a2200000Iu 4500</leader>
<controlfield tag="008">"121209 2012                        eng  "</controlfield>
<datafield tag="022" ind1="#" ind2="#">
<subfield code="$a">2317-0190</subfield>
</datafield>
<datafield tag="022" ind1="#" ind2="#">
<subfield code="$a">0104-7795</subfield>
</datafield>
<datafield tag="042" ind1=" " ind2=" ">
<subfield code="a">dc</subfield>
</datafield>
<datafield tag="245" ind1="0" ind2="0">
<subfield code="a">A estimulação elétrica funcional (FES) e a plasticidade do sistema nervoso central: revisão histórica</subfield>
</datafield>  <datafield tag="720" ind1="1" ind2=" ">
<subfield code="a">Cecatto, Rebeca Boltes</subfield>
<subfield code="u">Universidade de São Paulo. Faculdade de Medicina</subfield><subfield code="0">https://orcid.org/0000-0001-5675-6665</subfield></datafield>
<datafield tag="720" ind1="1" ind2=" ">
<subfield code="a">Chadi, Gerson</subfield>
<subfield code="u">Universidade de São Paulo. Faculdade de Medicina</subfield><subfield code="0">https://orcid.org/0000-0002-9667-0716</subfield></datafield>
<datafield tag="520" ind1=" " ind2=" ">
<subfield code="a"> Neurophysiological imaging studies have revealed changes in the pattern of cortical structures and clinical functionality during recovery after brain lesion, thus suggesting a correlation between clinical functional improvements and the plastic changes of the neuronal tissue. However, the interpretation of these results remains equivocal. Importantly, therapeutic neuronal stimulation leading to neurorehabilitation gains and is able to trigger endogenous nervous system changes that may interact with normal learning. In this way, stimulation of the endogenous CNS neuroplasticity as an anatomical substrate for neuronal functional recovery has emerged as a promising area in the search for understanding the mechanisms that regulate functional recovery after brain lesion. Objective: This study aims to review historical literature to score major milestones in the study of peripheral electrical stimulation and their possible effects on the CNS, particularly in relation to functional electrical stimulation. Method: This review was drawn from an examination of the historical literature articles researched at MedLine®, the National Library of Medicine’s database. We selected 169 studies based on historical relevance, importance, and accuracy. Results: FES has the ability to interact with the CNS. The extent to which compensatory plasticity occurs after stroke after FES use and the extent to which that contributes to functional recovery are as yet unclear. Nevertheless, further investigations are warranted for evaluating the effect of FES on cortical structural modifications. </subfield>
</datafield>
<datafield tag="260" ind1=" " ind2=" ">
<subfield code="b">Faculdade de Medicina, Universidade de São Paulo</subfield>
</datafield>
<dataField tag="260" ind1=" " ind2=" ">
<subfield code="c">2012-12-09 00:00:00</subfield>
</dataField>   <datafield tag="856" ind1=" " ind2=" ">
<subfield code="q">application/pdf</subfield>
</datafield>
<datafield tag="856" ind1=" " ind2=" ">
<subfield code="q">application/pdf</subfield>
</datafield>
<datafield tag="856" ind1="4" ind2="0">
<subfield code="u">https://www.revistas.usp.br/actafisiatrica/article/view/103731</subfield>
</datafield>  <datafield tag="786" ind1="0" ind2=" ">
<subfield code="n">Acta Fisiátrica; v. 19 n. 4 (2012)</subfield>
</datafield>  <datafield tag="546" ind1=" " ind2=" ">
<subfield code="a">eng</subfield>
</datafield>   <datafield tag="540" ind1=" " ind2=" ">
<subfield code="a">Copyright (c) 2012 Acta Fisiátrica</subfield>
</datafield>
</record>
</metadata>
</record>