
<record>
<header>
<identifier>oai:revistas.usp.br:article/103735</identifier>
<datestamp>2019-10-17T12:20:09Z</datestamp>
<setSpec>actafisiatrica:Art.+Orig.</setSpec>
<setSpec>driver</setSpec>
</header>
<metadata>
<record xmlns="http://www.loc.gov/MARC21/slim" xmlns:xsi="http://www.w3.org/2001/XMLSchema-instance" xsi:schemaLocation="http://www.loc.gov/MARC21/slim http://www.loc.gov/standards/marcxml/schema/MARC21slim.xsd">
<leader>     nmb a2200000Iu 4500</leader>
<controlfield tag="008">"130303 2013                        eng  "</controlfield>
<datafield tag="022" ind1="#" ind2="#">
<subfield code="$a">2317-0190</subfield>
</datafield>
<datafield tag="022" ind1="#" ind2="#">
<subfield code="$a">0104-7795</subfield>
</datafield>
<datafield tag="042" ind1=" " ind2=" ">
<subfield code="a">dc</subfield>
</datafield>
<datafield tag="245" ind1="0" ind2="0">
<subfield code="a">Utilização da CIF em fisioterapia do trabalho: uma contribuição para coleta de dados sobre funcionalidade</subfield>
</datafield>  <datafield tag="720" ind1="1" ind2=" ">
<subfield code="a">Araújo, Eduardo Santana de</subfield>
<subfield code="u">Faculdade Mario Schenberg</subfield></datafield>
<datafield tag="720" ind1="1" ind2=" ">
<subfield code="a">Buchalla, Cassia Maria</subfield>
<subfield code="u">Universidade de São Paulo. Faculdade de Saúde Pública</subfield><subfield code="0">https://orcid.org/0000-0001-5169-5533</subfield></datafield>
<datafield tag="520" ind1=" " ind2=" ">
<subfield code="a"> In Brazil, the notification of the worker’s health is made through the International Classification of Diseases (ICD). However, to assess their functionality and disability, the International Classification of Functioning, Disability, and Health (ICF) is more appropriate as it is a tool that generates data on human functioning at work and on the influence of the environment on the performance of occupational activities. Objective: This paper aims to develop a data collection form for use in Occupational Physiotherapy to facilitate the notification of disabilities or of environmental influences on functionality. Method: Based on the Delphi technique and after an informed consensus with specialists, relevant categories of the ICF were chosen and an instrument of data collection was structured that was eventually submitted to the participants of this selective process to evaluate its applicability. Results: We obtained a data collection instrument comprising 24 ICF categories with the possibility of using three qualifiers created for this purpose. The participants found this collection form easy to use. Conclusion: The data collection instrument that resulted from this study will be available for tests in the area of Occupational Physiotherapy and is expected to help in generating data on the workers’ functioning. </subfield>
</datafield>
<datafield tag="260" ind1=" " ind2=" ">
<subfield code="b">Faculdade de Medicina, Universidade de São Paulo</subfield>
</datafield>
<dataField tag="260" ind1=" " ind2=" ">
<subfield code="c">2013-03-03 00:00:00</subfield>
</dataField>   <datafield tag="856" ind1=" " ind2=" ">
<subfield code="q">application/pdf</subfield>
</datafield>
<datafield tag="856" ind1=" " ind2=" ">
<subfield code="q">application/pdf</subfield>
</datafield>
<datafield tag="856" ind1="4" ind2="0">
<subfield code="u">https://www.revistas.usp.br/actafisiatrica/article/view/103735</subfield>
</datafield>  <datafield tag="786" ind1="0" ind2=" ">
<subfield code="n">Acta Fisiátrica; v. 20 n. 1 (2013)</subfield>
</datafield>  <datafield tag="546" ind1=" " ind2=" ">
<subfield code="a">eng</subfield>
</datafield>   <datafield tag="540" ind1=" " ind2=" ">
<subfield code="a">Copyright (c) 2013 Acta Fisiátrica</subfield>
</datafield>
</record>
</metadata>
</record>