
<record>
<header>
<identifier>oai:revistas.usp.br:article/103736</identifier>
<datestamp>2019-10-17T12:24:59Z</datestamp>
<setSpec>actafisiatrica:Art.+Orig.</setSpec>
<setSpec>driver</setSpec>
</header>
<metadata>
<record xmlns="http://www.loc.gov/MARC21/slim" xmlns:xsi="http://www.w3.org/2001/XMLSchema-instance" xsi:schemaLocation="http://www.loc.gov/MARC21/slim http://www.loc.gov/standards/marcxml/schema/MARC21slim.xsd">
<leader>     nmb a2200000Iu 4500</leader>
<controlfield tag="008">"130303 2013                        eng  "</controlfield>
<datafield tag="022" ind1="#" ind2="#">
<subfield code="$a">2317-0190</subfield>
</datafield>
<datafield tag="022" ind1="#" ind2="#">
<subfield code="$a">0104-7795</subfield>
</datafield>
<datafield tag="042" ind1=" " ind2=" ">
<subfield code="a">dc</subfield>
</datafield>
<datafield tag="245" ind1="0" ind2="0">
<subfield code="a">Processos comunicativos dos indivíduos com lesão do hemisfério direito</subfield>
</datafield>  <datafield tag="720" ind1="1" ind2=" ">
<subfield code="a">Pinto, Aline Rodrigues</subfield>
<subfield code="u">Universidade Estadual Paulista</subfield></datafield>
<datafield tag="720" ind1="1" ind2=" ">
<subfield code="a">Gastão, Ana Paula Ferreira</subfield>
<subfield code="u">Associação de Assistência a Criança Deficiente</subfield></datafield>
<datafield tag="720" ind1="1" ind2=" ">
<subfield code="a">Ferreira, Milene Silva</subfield>
<subfield code="u">Associação de Assistência a Criança Deficiente</subfield></datafield>
<datafield tag="720" ind1="1" ind2=" ">
<subfield code="a">Sakamoto, Marla Fabiana Rodrigues Oliveira</subfield>
<subfield code="u">Associação de Assistência a Criança Deficiente</subfield></datafield>
<datafield tag="720" ind1="1" ind2=" ">
<subfield code="a">Santana, Andréa Siqueira Kokanj</subfield>
<subfield code="u">Associação de Assistência a Criança Deficiente</subfield></datafield>
<datafield tag="520" ind1=" " ind2=" ">
<subfield code="a"> Objective: This study aimed to profile the language skills of patients with damage to the right cerebral hemisphere attended at the Ibirapuera Unit (Central) of the Association for the Welfare of Handicapped Children - AACD (Associação de Assistência à Criança Deficiente - AACD/Unidade Ibirapuera - Central), and to discover the perceptions of caregivers and patients regarding the presence or absence of language disorders after a stroke. Method: The descriptive study was conducted from July to September of 2009 with 11 adults through the application of the Montreal Communication Evaluation Battery (known in Brazil as Bateria MAC) tests, the Questionnaire on Awareness of Difficulties, and the Communicative Disorders Screening on individuals with neurological conditions, direct relatives, and/or caregivers. Results: It was found that 90.9% of patients with injuries of the right cerebral hemisphere had a deficit in at least one of the tests comprising the Bateria MAC assessment of language. Conclusion: Findings showing the patient’s absence of awareness of their linguistic and cognitive deficits are also very important, not only about their daily life activities, but about their agnosia. </subfield>
</datafield>
<datafield tag="260" ind1=" " ind2=" ">
<subfield code="b">Faculdade de Medicina, Universidade de São Paulo</subfield>
</datafield>
<dataField tag="260" ind1=" " ind2=" ">
<subfield code="c">2013-03-03 00:00:00</subfield>
</dataField>   <datafield tag="856" ind1=" " ind2=" ">
<subfield code="q">application/pdf</subfield>
</datafield>
<datafield tag="856" ind1=" " ind2=" ">
<subfield code="q">application/pdf</subfield>
</datafield>
<datafield tag="856" ind1="4" ind2="0">
<subfield code="u">https://www.revistas.usp.br/actafisiatrica/article/view/103736</subfield>
</datafield>  <datafield tag="786" ind1="0" ind2=" ">
<subfield code="n">Acta Fisiátrica; v. 20 n. 1 (2013)</subfield>
</datafield>  <datafield tag="546" ind1=" " ind2=" ">
<subfield code="a">eng</subfield>
</datafield>   <datafield tag="540" ind1=" " ind2=" ">
<subfield code="a">Copyright (c) 2013 Acta Fisiátrica</subfield>
</datafield>
</record>
</metadata>
</record>