
<record>
<header>
<identifier>oai:revistas.usp.br:article/103738</identifier>
<datestamp>2019-10-17T12:50:35Z</datestamp>
<setSpec>actafisiatrica:Art.+Orig.</setSpec>
<setSpec>driver</setSpec>
</header>
<metadata>
<record xmlns="http://www.loc.gov/MARC21/slim" xmlns:xsi="http://www.w3.org/2001/XMLSchema-instance" xsi:schemaLocation="http://www.loc.gov/MARC21/slim http://www.loc.gov/standards/marcxml/schema/MARC21slim.xsd">
<leader>     nmb a2200000Iu 4500</leader>
<controlfield tag="008">"130303 2013                        eng  "</controlfield>
<datafield tag="022" ind1="#" ind2="#">
<subfield code="$a">2317-0190</subfield>
</datafield>
<datafield tag="022" ind1="#" ind2="#">
<subfield code="$a">0104-7795</subfield>
</datafield>
<datafield tag="042" ind1=" " ind2=" ">
<subfield code="a">dc</subfield>
</datafield>
<datafield tag="245" ind1="0" ind2="0">
<subfield code="a">Perfil dos pacientes com lesões traumáticas do membro superior atendidos pela fisioterapia em hospital do nível terciário</subfield>
</datafield>  <datafield tag="720" ind1="1" ind2=" ">
<subfield code="a">Barbosa, Rafael Inácio</subfield>
<subfield code="u">Universidade de São Paulo. Faculdade de Medicina de Ribeirão Preto</subfield></datafield>
<datafield tag="720" ind1="1" ind2=" ">
<subfield code="a">Raimundo, Karoline Cipriano</subfield>
<subfield code="u">Universidade de São Paulo. Faculdade de Medicina de Ribeirão Preto</subfield></datafield>
<datafield tag="720" ind1="1" ind2=" ">
<subfield code="a">Fonseca, Marisa de Cássia Registro</subfield>
<subfield code="u">Universidade de São Paulo. Faculdade de Medicina de Ribeirão Preto</subfield></datafield>
<datafield tag="720" ind1="1" ind2=" ">
<subfield code="a">Coelho, Daniel Martins</subfield>
<subfield code="u">Universidade de São Paulo. Faculdade de Medicina de Ribeirão Preto</subfield></datafield>
<datafield tag="720" ind1="1" ind2=" ">
<subfield code="a">Ferreira, Aline Miranda</subfield>
<subfield code="u">Universidade de São Paulo. Faculdade de Medicina de Ribeirão Preto</subfield></datafield>
<datafield tag="720" ind1="1" ind2=" ">
<subfield code="a">Hussein, Amira Mohamede</subfield>
<subfield code="u">Universidade de São Paulo. Faculdade de Medicina de Ribeirão Preto</subfield></datafield>
<datafield tag="720" ind1="1" ind2=" ">
<subfield code="a">Mazzer, Nilton</subfield>
<subfield code="u">Universidade de São Paulo. Faculdade de Medicina de Ribeirão Preto</subfield></datafield>
<datafield tag="720" ind1="1" ind2=" ">
<subfield code="a">Barbieri, Cláudio Henrique</subfield>
<subfield code="u">Universidade de São Paulo. Faculdade de Medicina de Ribeirão Preto</subfield></datafield>
<datafield tag="520" ind1=" " ind2=" ">
<subfield code="a"> The incidence of traumatic injuries of the upper limbs in a tertiary hospital has a wide variety. This is why the creation of a unified database becomes important-to know the patients’ profile. Objective: This study sought to determine the profile of patients with traumatic injuries of the upper limbs, treated by Physical Therapy in Rehabilitation Center of the Clinics Hospital of Ribeirão Preto. Method: Two hundred and twenty-three patient records were evaluated (58 women and 116 men). They had an average age of 34.54 (± 19.05) years and were referred by the orthopedic clinic of this hospital. Results: Of the cases studied, wrist and hand injuries had the highest incidence (60.99%), followed by injuries of the shoulder (20.63%), elbow (12.55%), arm (3.59%) and forearm (2.24%). In injuries of wrist and hand, the trauma mechanism with the highest percentage was the motorcycle accident, associated with multiple handbone fractures. Falling down, motorcycle accidents, and falling off a ladder were the mechanisms of injury correlated with proximal humerus fractures, shoulder dislocations, and broken scapulas, respectively. Conclusion: The incidence of injury, trauma mechanism, and characteristics of the population was verified and further improvements in protocols for specific disorders and prevention can be made. </subfield>
</datafield>
<datafield tag="260" ind1=" " ind2=" ">
<subfield code="b">Faculdade de Medicina, Universidade de São Paulo</subfield>
</datafield>
<dataField tag="260" ind1=" " ind2=" ">
<subfield code="c">2013-03-03 00:00:00</subfield>
</dataField>   <datafield tag="856" ind1=" " ind2=" ">
<subfield code="q">application/pdf</subfield>
</datafield>
<datafield tag="856" ind1=" " ind2=" ">
<subfield code="q">application/pdf</subfield>
</datafield>
<datafield tag="856" ind1="4" ind2="0">
<subfield code="u">https://www.revistas.usp.br/actafisiatrica/article/view/103738</subfield>
</datafield>  <datafield tag="786" ind1="0" ind2=" ">
<subfield code="n">Acta Fisiátrica; v. 20 n. 1 (2013)</subfield>
</datafield>  <datafield tag="546" ind1=" " ind2=" ">
<subfield code="a">eng</subfield>
</datafield>   <datafield tag="540" ind1=" " ind2=" ">
<subfield code="a">Copyright (c) 2013 Acta Fisiátrica</subfield>
</datafield>
</record>
</metadata>
</record>