
<record>
<header>
<identifier>oai:revistas.usp.br:article/103739</identifier>
<datestamp>2019-10-17T12:58:39Z</datestamp>
<setSpec>actafisiatrica:Art.+Orig.</setSpec>
<setSpec>driver</setSpec>
</header>
<metadata>
<record xmlns="http://www.loc.gov/MARC21/slim" xmlns:xsi="http://www.w3.org/2001/XMLSchema-instance" xsi:schemaLocation="http://www.loc.gov/MARC21/slim http://www.loc.gov/standards/marcxml/schema/MARC21slim.xsd">
<leader>     nmb a2200000Iu 4500</leader>
<controlfield tag="008">"130303 2013                        eng  "</controlfield>
<datafield tag="022" ind1="#" ind2="#">
<subfield code="$a">2317-0190</subfield>
</datafield>
<datafield tag="022" ind1="#" ind2="#">
<subfield code="$a">0104-7795</subfield>
</datafield>
<datafield tag="042" ind1=" " ind2=" ">
<subfield code="a">dc</subfield>
</datafield>
<datafield tag="245" ind1="0" ind2="0">
<subfield code="a">Comparação da força muscular respiratória entre idosos após acidente vascular cerebral</subfield>
</datafield>  <datafield tag="720" ind1="1" ind2=" ">
<subfield code="a">Silva, Soraia Micaela</subfield>
<subfield code="u">Universidade Nove de Julho</subfield></datafield>
<datafield tag="720" ind1="1" ind2=" ">
<subfield code="a">Corrêa, João Carlos Ferrari</subfield>
<subfield code="u">Universidade Nove de Julho</subfield></datafield>
<datafield tag="720" ind1="1" ind2=" ">
<subfield code="a">Silva, Fernanda Cordeiro da</subfield>
</datafield>
<datafield tag="720" ind1="1" ind2=" ">
<subfield code="a">Sampaio, Luciana Maria Malosá</subfield>
<subfield code="u">Universidade Nove de Julho</subfield></datafield>
<datafield tag="720" ind1="1" ind2=" ">
<subfield code="a">Corrêa, Fernanda Ishida</subfield>
<subfield code="u">Universidade Nove de Julho</subfield></datafield>
<datafield tag="520" ind1=" " ind2=" ">
<subfield code="a"> The decrease in elastic recoil of the lungs and chest cavity compliance is a major change in the respiratory system with advancing age, when these changes are associated with clinical manifestations of under lying cerebral vascular accident (stroke), respiratory muscle strength of the elderly may be seriously affected, therefore it is necessary to investigate the conditions of respiratory muscle strength in older hemiparetic patients in both the acute and chronic phases. Objective: To compare respiratory muscle strength in elderly hemiparetic patients in both the acute and chronic phases after stroke, evaluated by the values of maximal respiratory pressures, so that the rehabilitation of these individuals will be more targeted. Method: Twenty-nine hemiparetic individuals were evaluated-seventeen in acute and twelve in chronic phases, the values of maximal inspiratory pressure (MIP) and maximal expiratory pressure (MEP) being measured by means of a manometer. Results: There was no difference between acute and chronic patients, however, measurements of MIP and MEP after the stroke showed statistically significant decreases when compared with predicted values. Conclusion: There was no difference in respiratory muscle strength between the acute and chronic phases, however, the fact that the MIP and MEP were also reduced in all subjects, suggests similar weakness in the respiratory musculature in both phases after stroke, and this condition can be worsened when coupled with the aging process. It is suggested that a program include muscle training for these individuals to have better rehabilitation after their strokes. </subfield>
</datafield>
<datafield tag="260" ind1=" " ind2=" ">
<subfield code="b">Faculdade de Medicina, Universidade de São Paulo</subfield>
</datafield>
<dataField tag="260" ind1=" " ind2=" ">
<subfield code="c">2013-03-03 00:00:00</subfield>
</dataField>   <datafield tag="856" ind1=" " ind2=" ">
<subfield code="q">application/pdf</subfield>
</datafield>
<datafield tag="856" ind1=" " ind2=" ">
<subfield code="q">application/pdf</subfield>
</datafield>
<datafield tag="856" ind1="4" ind2="0">
<subfield code="u">https://www.revistas.usp.br/actafisiatrica/article/view/103739</subfield>
</datafield>  <datafield tag="786" ind1="0" ind2=" ">
<subfield code="n">Acta Fisiátrica; v. 20 n. 1 (2013)</subfield>
</datafield>  <datafield tag="546" ind1=" " ind2=" ">
<subfield code="a">eng</subfield>
</datafield>   <datafield tag="540" ind1=" " ind2=" ">
<subfield code="a">Copyright (c) 2013 Acta Fisiátrica</subfield>
</datafield>
</record>
</metadata>
</record>