
<record>
<header>
<identifier>oai:revistas.usp.br:article/103743</identifier>
<datestamp>2019-10-17T13:34:30Z</datestamp>
<setSpec>actafisiatrica:Art.+Orig.</setSpec>
<setSpec>driver</setSpec>
</header>
<metadata>
<record xmlns="http://www.loc.gov/MARC21/slim" xmlns:xsi="http://www.w3.org/2001/XMLSchema-instance" xsi:schemaLocation="http://www.loc.gov/MARC21/slim http://www.loc.gov/standards/marcxml/schema/MARC21slim.xsd">
<leader>     nmb a2200000Iu 4500</leader>
<controlfield tag="008">"130303 2013                        eng  "</controlfield>
<datafield tag="022" ind1="#" ind2="#">
<subfield code="$a">2317-0190</subfield>
</datafield>
<datafield tag="022" ind1="#" ind2="#">
<subfield code="$a">0104-7795</subfield>
</datafield>
<datafield tag="042" ind1=" " ind2=" ">
<subfield code="a">dc</subfield>
</datafield>
<datafield tag="245" ind1="0" ind2="0">
<subfield code="a">Relaçao entre a Medida de Independência Funcional e o Core Set da Classificaçao Internacional de Funcionalidade, Incapacidade e Saúde para acidente vascular encefálico</subfield>
</datafield>  <datafield tag="720" ind1="1" ind2=" ">
<subfield code="a">Fréz, Andersom Ricardo</subfield>
</datafield>
<datafield tag="720" ind1="1" ind2=" ">
<subfield code="a">Vignola, Bruna Antinori Passeggio</subfield>
</datafield>
<datafield tag="720" ind1="1" ind2=" ">
<subfield code="a">Kaziyama, Helena Hideko Seguchi</subfield>
</datafield>
<datafield tag="720" ind1="1" ind2=" ">
<subfield code="a">Spezzano, Luisa Carmen</subfield>
</datafield>
<datafield tag="720" ind1="1" ind2=" ">
<subfield code="a">Filippo, Thais Raquel Martins</subfield>
<subfield code="u">Institute of Physical Medicine and Rehabilitation at the Clinics Hospital, University of São Paulo School of Medicine</subfield></datafield>
<datafield tag="720" ind1="1" ind2=" ">
<subfield code="a">Imamura, Marta</subfield>
<subfield code="0">https://orcid.org/0000-0003-0355-9697</subfield></datafield>
<datafield tag="720" ind1="1" ind2=" ">
<subfield code="a">Rosa, Chennyfer Dobbins Paes da</subfield>
<subfield code="u">Institute of Physical Medicine and Rehabilitation at the Clinics Hospital, University of São Paulo School of Medicine</subfield></datafield>
<datafield tag="720" ind1="1" ind2=" ">
<subfield code="a">Battistella, Linamara Rizzo</subfield>
<subfield code="0">https://orcid.org/0000-0001-5275-0733</subfield></datafield>
<datafield tag="520" ind1=" " ind2=" ">
<subfield code="a"> The Functional Independence Measure (FIM) is one of many instruments available for assessing the functionality of stroke patients. However, with the approval of the International Classification of Functioning, Disability, and Health (ICF), the Core Set that was developed for stroke patients, a new tool for understanding functionality and disability of these patients is available. Objective: To establish a relationship between the FIM and the ICF Core Set for stroke. Four researchers of different healthcare backgrounds, all working in the field of rehabilitation, considered the descriptions of the activities of the FIM and the definitions of the ICF categories. Method: They selected the categories of the ICF Core Set for stroke, which could be related to the tasks assessed by the FIM. Once the relationship was established, the researchers came to a consensus for the inclusion or exclusion of those categories. Results: From the 130 second-level categories used in the Core Set, 27 (20.8%) were related to the activities of FIM, eight (29.6%) regarded the bodily functions component (b), 17 (63%) concerned activity and participation (d), and two (7.4%) considered environmental factors (e). As for the 10 categories that are part of the Brief Core Set for stroke, only five were related to the activities of FIM. Conclusion: The FIM is focused on the individual, while the ICF is concerned not only with the dysfunctions and disabilities of the patient, but also considers these factors within social activities, as well as environmental influences, either as a facilitator or a barrier to functional independence. </subfield>
</datafield>
<datafield tag="260" ind1=" " ind2=" ">
<subfield code="b">Faculdade de Medicina, Universidade de São Paulo</subfield>
</datafield>
<dataField tag="260" ind1=" " ind2=" ">
<subfield code="c">2013-03-03 00:00:00</subfield>
</dataField>   <datafield tag="856" ind1=" " ind2=" ">
<subfield code="q">application/pdf</subfield>
</datafield>
<datafield tag="856" ind1="4" ind2="0">
<subfield code="u">https://www.revistas.usp.br/actafisiatrica/article/view/103743</subfield>
</datafield>  <datafield tag="786" ind1="0" ind2=" ">
<subfield code="n">Acta Fisiátrica; v. 20 n. 1 (2013)</subfield>
</datafield>  <datafield tag="546" ind1=" " ind2=" ">
<subfield code="a">eng</subfield>
</datafield>   <datafield tag="540" ind1=" " ind2=" ">
<subfield code="a">Copyright (c) 2013 Acta Fisiátrica</subfield>
</datafield>
</record>
</metadata>
</record>