
<record>
<header>
<identifier>oai:revistas.usp.br:article/103744</identifier>
<datestamp>2019-10-17T13:58:50Z</datestamp>
<setSpec>actafisiatrica:Art.+Rev.</setSpec>
<setSpec>driver</setSpec>
</header>
<metadata>
<record xmlns="http://www.loc.gov/MARC21/slim" xmlns:xsi="http://www.w3.org/2001/XMLSchema-instance" xsi:schemaLocation="http://www.loc.gov/MARC21/slim http://www.loc.gov/standards/marcxml/schema/MARC21slim.xsd">
<leader>     nmb a2200000Iu 4500</leader>
<controlfield tag="008">"130303 2013                        eng  "</controlfield>
<datafield tag="022" ind1="#" ind2="#">
<subfield code="$a">2317-0190</subfield>
</datafield>
<datafield tag="022" ind1="#" ind2="#">
<subfield code="$a">0104-7795</subfield>
</datafield>
<datafield tag="042" ind1=" " ind2=" ">
<subfield code="a">dc</subfield>
</datafield>
<datafield tag="245" ind1="0" ind2="0">
<subfield code="a">Publicações brasileiras referentes à Classificação Internacional de Funcionalidade</subfield>
</datafield>  <datafield tag="720" ind1="1" ind2=" ">
<subfield code="a">Castaneda, Luciana</subfield>
<subfield code="u">Instituto Brasileiro de Medicina de Reabilitação - Laureate Universities</subfield><subfield code="0">https://orcid.org/0000-0001-8573-342X</subfield></datafield>
<datafield tag="720" ind1="1" ind2=" ">
<subfield code="a">Castro, Shamyr Sulyvan de</subfield>
<subfield code="u">Universidade Federal do Triângulo Mineiro - UFTM</subfield><subfield code="0">https://orcid.org/0000-0002-2661-7899</subfield></datafield>
<datafield tag="520" ind1=" " ind2=" ">
<subfield code="a"> Considering the increase of chronic disease and life expectancy there is now an emerging interest in measuring the phenomena of functioning and disability. For nearly 30 years the World Health Organization has been developing tools for understanding and classifying these processes, currently favoring the International Classification of Functioning (ICF). The ICF proposes a paradigm shift, where the biopsychosocial model replaces the biomedical model. It is the most recent and comprehensive taxonomic model for functioning and disability and has a unified and universal perspective. Objective: Given the increasing interest of the scientific community in the subject, the objective of this study is to describe and classify the publications in Brazilian literature related to the ICF by areas of knowledge. Method: The database used was the Lilacs and Scielo. Results: Thirty-nine publications were selected. Most of the papers were related to original articles (51.3%) and Neurology was the field written about most. Conclusion: The results show an increase in the number of publications in the last five years. </subfield>
</datafield>
<datafield tag="260" ind1=" " ind2=" ">
<subfield code="b">Faculdade de Medicina, Universidade de São Paulo</subfield>
</datafield>
<dataField tag="260" ind1=" " ind2=" ">
<subfield code="c">2013-03-03 00:00:00</subfield>
</dataField>   <datafield tag="856" ind1=" " ind2=" ">
<subfield code="q">application/pdf</subfield>
</datafield>
<datafield tag="856" ind1=" " ind2=" ">
<subfield code="q">application/pdf</subfield>
</datafield>
<datafield tag="856" ind1="4" ind2="0">
<subfield code="u">https://www.revistas.usp.br/actafisiatrica/article/view/103744</subfield>
</datafield>  <datafield tag="786" ind1="0" ind2=" ">
<subfield code="n">Acta Fisiátrica; v. 20 n. 1 (2013)</subfield>
</datafield>  <datafield tag="546" ind1=" " ind2=" ">
<subfield code="a">eng</subfield>
</datafield>   <datafield tag="540" ind1=" " ind2=" ">
<subfield code="a">Copyright (c) 2013 Acta Fisiátrica</subfield>
</datafield>
</record>
</metadata>
</record>