
<record>
<header>
<identifier>oai:revistas.usp.br:article/103752</identifier>
<datestamp>2019-10-17T14:34:45Z</datestamp>
<setSpec>actafisiatrica:Art.+Rev.</setSpec>
<setSpec>driver</setSpec>
</header>
<metadata>
<record xmlns="http://www.loc.gov/MARC21/slim" xmlns:xsi="http://www.w3.org/2001/XMLSchema-instance" xsi:schemaLocation="http://www.loc.gov/MARC21/slim http://www.loc.gov/standards/marcxml/schema/MARC21slim.xsd">
<leader>     nmb a2200000Iu 4500</leader>
<controlfield tag="008">"130303 2013                        eng  "</controlfield>
<datafield tag="022" ind1="#" ind2="#">
<subfield code="$a">2317-0190</subfield>
</datafield>
<datafield tag="022" ind1="#" ind2="#">
<subfield code="$a">0104-7795</subfield>
</datafield>
<datafield tag="042" ind1=" " ind2=" ">
<subfield code="a">dc</subfield>
</datafield>
<datafield tag="245" ind1="0" ind2="0">
<subfield code="a">Classificação Internacional de Funcionalidade, Incapacidade e Saúde e seu uso no Brasil</subfield>
</datafield>  <datafield tag="720" ind1="1" ind2=" ">
<subfield code="a">Brasileiro, Ismênia de Carvalho</subfield>
<subfield code="u">Universidade Estadual do Ceará</subfield></datafield>
<datafield tag="720" ind1="1" ind2=" ">
<subfield code="a">Moreira, Thereza Maria Magalhães</subfield>
<subfield code="u">Universidade Estadual do Ceará</subfield></datafield>
<datafield tag="720" ind1="1" ind2=" ">
<subfield code="a">Buchalla, Cássia Maria</subfield>
<subfield code="u">Universidade de São Paulo. Faculdade de Saúde Pública</subfield></datafield>
<datafield tag="520" ind1=" " ind2=" ">
<subfield code="a"> Objective: The objective of this article was to analyze the use of the International Classification of Functioning, Disability and Health (ICF) in Brazil. Method: The study was carried out on the following databases: LILACS, MedLine, SciELO, IBECS and Cochrane. Seventy-five articles were identified, published between the years 2003 and 2011, from which 17 studies were selected. The analysis method was the integrative review. Results: The ICF has been used in studies in Brazil, especially within the last five years and mostly in the southern and southeast regions. The samples and types of dysfunctions were diverse and the ICF and the core sets were applied, particularly the Activity and Participation component, in harmony with other instruments and qualitative studies. Conclusion: The ICF has been applied to Brazilian research in a diverse manner with reference to the study outline. Its use has been highlighted as advantageous in the approach to human functionality characteristics. The classification was used to describe disabilities in the studies analyzed. Interference of environmental factors and subjective dimensions not always covered by other instruments are addressed in the ICF, which directs us to a new perspective in understanding the health of individuals and populations. </subfield>
</datafield>
<datafield tag="260" ind1=" " ind2=" ">
<subfield code="b">Faculdade de Medicina, Universidade de São Paulo</subfield>
</datafield>
<dataField tag="260" ind1=" " ind2=" ">
<subfield code="c">2013-03-03 00:00:00</subfield>
</dataField>   <datafield tag="856" ind1=" " ind2=" ">
<subfield code="q">application/pdf</subfield>
</datafield>
<datafield tag="856" ind1=" " ind2=" ">
<subfield code="q">application/pdf</subfield>
</datafield>
<datafield tag="856" ind1="4" ind2="0">
<subfield code="u">https://www.revistas.usp.br/actafisiatrica/article/view/103752</subfield>
</datafield>  <datafield tag="786" ind1="0" ind2=" ">
<subfield code="n">Acta Fisiátrica; v. 20 n. 1 (2013)</subfield>
</datafield>  <datafield tag="546" ind1=" " ind2=" ">
<subfield code="a">eng</subfield>
</datafield>   <datafield tag="540" ind1=" " ind2=" ">
<subfield code="a">Copyright (c) 2013 Acta Fisiátrica</subfield>
</datafield>
</record>
</metadata>
</record>