
<record>
<header>
<identifier>oai:revistas.usp.br:article/103753</identifier>
<datestamp>2019-10-17T14:52:57Z</datestamp>
<setSpec>actafisiatrica:Art.+Rev.</setSpec>
<setSpec>driver</setSpec>
</header>
<metadata>
<record xmlns="http://www.loc.gov/MARC21/slim" xmlns:xsi="http://www.w3.org/2001/XMLSchema-instance" xsi:schemaLocation="http://www.loc.gov/MARC21/slim http://www.loc.gov/standards/marcxml/schema/MARC21slim.xsd">
<leader>     nmb a2200000Iu 4500</leader>
<controlfield tag="008">"130303 2013                        eng  "</controlfield>
<datafield tag="022" ind1="#" ind2="#">
<subfield code="$a">2317-0190</subfield>
</datafield>
<datafield tag="022" ind1="#" ind2="#">
<subfield code="$a">0104-7795</subfield>
</datafield>
<datafield tag="042" ind1=" " ind2=" ">
<subfield code="a">dc</subfield>
</datafield>
<datafield tag="245" ind1="0" ind2="0">
<subfield code="a">Aplicação das escalas Fugl-Meyer Assessment (FMA) e Wolf Motor Function Test (WMFT) na recuperação funcional do membro superior em pacientes pós-acidente vascular encefálico crônico: revisão de literatura</subfield>
</datafield>  <datafield tag="720" ind1="1" ind2=" ">
<subfield code="a">Padovani, Cauê</subfield>
<subfield code="u">Universidade de São Paulo. Faculdade de Medicina</subfield></datafield>
<datafield tag="720" ind1="1" ind2=" ">
<subfield code="a">Pires, Cristhiane Valério Garabello</subfield>
<subfield code="u">Universidade de São Paulo. Faculdade de Medicina</subfield></datafield>
<datafield tag="720" ind1="1" ind2=" ">
<subfield code="a">Ferreira, Fernanda Pretti Chalet</subfield>
<subfield code="u">Universidade de São Paulo. Faculdade de Medicina</subfield></datafield>
<datafield tag="720" ind1="1" ind2=" ">
<subfield code="a">Borin, Gabriela</subfield>
<subfield code="u">Universidade de São Paulo. Faculdade de Medicina</subfield></datafield>
<datafield tag="720" ind1="1" ind2=" ">
<subfield code="a">Filippo, Thais Raquel Martins</subfield>
<subfield code="u">Universidade de São Paulo. Faculdade de Medicina</subfield></datafield>
<datafield tag="720" ind1="1" ind2=" ">
<subfield code="a">Imamura, Marta</subfield>
<subfield code="u">Universidade de São Paulo. Faculdade de Medicina</subfield><subfield code="0">https://orcid.org/0000-0003-0355-9697</subfield></datafield>
<datafield tag="720" ind1="1" ind2=" ">
<subfield code="a">Rosa, Chennyfer Dobbins Paes da</subfield>
<subfield code="u">Universidade de São Paulo. Faculdade de Medicina</subfield></datafield>
<datafield tag="720" ind1="1" ind2=" ">
<subfield code="a">Battistella, Linamara Rizzo</subfield>
<subfield code="u">Universidade de São Paulo. Faculdade de Medicina</subfield><subfield code="0">https://orcid.org/0000-0001-5275-0733</subfield></datafield>
<datafield tag="520" ind1=" " ind2=" ">
<subfield code="a"> It is estimated that 45-75% of chronic adult stroke patients have difficulty in using the hemiparetic upper limb (MS) in their daily life activities (DLAs). Functional scales are used in the practice of rehabilitation, in the search for diagnoses and prognoses, and in evaluating response to treatment. The Wolf Motor Function Test (WMFT) and Fugl-Meyer Assessment (FMA) scales are the instruments most commonly mentioned in the literature. Objective: The aim of this study was to review the use of the WMFT and FMA scales in the recovery of upper limb function in patients after chronic stroke. Method: We searched the MedLine database (PubMed) for articles published from 2000 to 2013. The PICO method was adopted as the search strategy. The descriptors used for the search were: (stroke OR cerebrovascular disorders OR intracranial arteriosclerosis OR thrombosis intracranial embolism) AND (Fugl-Meyer assessment OR wolf motor function test). Therapy/narrow was used as a search filter. Results: We found 181 studies, 89 of which were excluded because they did not meet the inclusion criteria or did not have a topic relevant to the review search. After selection by title and by abstract, 92 articles were fully read. Of these articles, 47 were excluded because they did not fulfil the search objective. All in all, 45 articles were reviewed. FMA is the tool most used and it was found that 80% of the studies applied this scale to evaluate responses to the different therapies. In these studies, the intervention most used was the Constrained Induced Therapy (CIT) (25%), followed by Robotics Therapy (22.2%). Although the WMFT was initially developed to assess the effects of CIT, nowadays this scale is used, after the application of other techniques, to assess the functional recovery of patients with stroke sequelae. In our survey, 44.4% of the studies used WMFT; of these, 35% assessed the effects of CIT, 15% assessed robotic therapy for the upper limbs, and 65% for different therapies. Conclusion: For randomized controlled trials, the FMA scale was more used to assess functional recovery in the upper limbs of chronic stroke patients, even after application of robotics therapy. However, we found that it is not the most appropriate scale to assess the same outcomes after CIT use. WMFT is the scale most widely used for functional assessment after application of CIT; it is more sensitive than FMA for bilateral therapy, and is highly applicable in virtual reality therapy. </subfield>
</datafield>
<datafield tag="260" ind1=" " ind2=" ">
<subfield code="b">Faculdade de Medicina, Universidade de São Paulo</subfield>
</datafield>
<dataField tag="260" ind1=" " ind2=" ">
<subfield code="c">2013-03-03 00:00:00</subfield>
</dataField>   <datafield tag="856" ind1=" " ind2=" ">
<subfield code="q">application/pdf</subfield>
</datafield>
<datafield tag="856" ind1=" " ind2=" ">
<subfield code="q">application/pdf</subfield>
</datafield>
<datafield tag="856" ind1="4" ind2="0">
<subfield code="u">https://www.revistas.usp.br/actafisiatrica/article/view/103753</subfield>
</datafield>  <datafield tag="786" ind1="0" ind2=" ">
<subfield code="n">Acta Fisiátrica; v. 20 n. 1 (2013)</subfield>
</datafield>  <datafield tag="546" ind1=" " ind2=" ">
<subfield code="a">eng</subfield>
</datafield>   <datafield tag="540" ind1=" " ind2=" ">
<subfield code="a">Copyright (c) 2013 Acta Fisiátrica</subfield>
</datafield>
</record>
</metadata>
</record>