
<record>
<header>
<identifier>oai:revistas.usp.br:article/103754</identifier>
<datestamp>2019-10-17T14:57:19Z</datestamp>
<setSpec>actafisiatrica:Rel.+Caso</setSpec>
<setSpec>driver</setSpec>
</header>
<metadata>
<record xmlns="http://www.loc.gov/MARC21/slim" xmlns:xsi="http://www.w3.org/2001/XMLSchema-instance" xsi:schemaLocation="http://www.loc.gov/MARC21/slim http://www.loc.gov/standards/marcxml/schema/MARC21slim.xsd">
<leader>     nmb a2200000Iu 4500</leader>
<controlfield tag="008">"130303 2013                        eng  "</controlfield>
<datafield tag="022" ind1="#" ind2="#">
<subfield code="$a">2317-0190</subfield>
</datafield>
<datafield tag="022" ind1="#" ind2="#">
<subfield code="$a">0104-7795</subfield>
</datafield>
<datafield tag="042" ind1=" " ind2=" ">
<subfield code="a">dc</subfield>
</datafield>
<datafield tag="245" ind1="0" ind2="0">
<subfield code="a">Análise do controle postural após a aplicação da eletroestimulação funcional no acidente vascular encefálico</subfield>
</datafield>  <datafield tag="720" ind1="1" ind2=" ">
<subfield code="a">Costa, Thais Delamuta Ayres da</subfield>
<subfield code="u">IB-UNESP/Rio Claro</subfield></datafield>
<datafield tag="720" ind1="1" ind2=" ">
<subfield code="a">Barbosa, Alessandra Ferreira</subfield>
<subfield code="u">Hospital do Coração - Hcor</subfield></datafield>
<datafield tag="720" ind1="1" ind2=" ">
<subfield code="a">Oliveira, Maria Fernanda Pauletti</subfield>
<subfield code="u">Universidade de São Paulo. Faculdade de Medicina</subfield></datafield>
<datafield tag="720" ind1="1" ind2=" ">
<subfield code="a">Castro, Pedro Cláudio Gonsales de</subfield>
<subfield code="u">Universidade de São Paulo. Faculdade de Medicina</subfield></datafield>
<datafield tag="720" ind1="1" ind2=" ">
<subfield code="a">Ayres, Denise Vianna Machado</subfield>
<subfield code="u">Universidade de São Paulo. Faculdade de Medicina</subfield></datafield>
<datafield tag="720" ind1="1" ind2=" ">
<subfield code="a">Moreira, Maria Cecília dos Santos</subfield>
<subfield code="u">Universidade de São Paulo. Faculdade de Medicina</subfield></datafield>
<datafield tag="720" ind1="1" ind2=" ">
<subfield code="a">Lopes, José Augusto Fernandes</subfield>
<subfield code="u">Universidade de São Paulo. Faculdade de Medicina</subfield></datafield>
<datafield tag="720" ind1="1" ind2=" ">
<subfield code="a">Goroso, Daniel Gustavo</subfield>
<subfield code="u">Universidade de São Paulo. Faculdade de Medicina</subfield></datafield>
<datafield tag="520" ind1=" " ind2=" ">
<subfield code="a"> Strokes cause the main neurological impairments in adults around the world. They can result in neuromotor and cognitive deficits. Among the neuromotor deficits there is spasticity; this affects the planning of movements and posture control. The postural control system is essential for functional independence in daily life activities and is, therefore, one of the main goals to achieve in rehabilitation programs. These programs have various therapeutic elements aimed at providing stimulus to the individual, which help them control their movements and stance more efficiently. Among these techniques is neuromuscular electrical stimulation, which contributes to decreasing spasticity and other benefits. When used for functional tasks it is called Functional Electrical Stimulation (FES). Objective: The purpose of this study was to verify the response of the postural control in two individuals with hemiparesis by stroke after the application of the FES over a short period time. Method: The experimental protocol had four phases. A: pre-FES; B: Immediately after the application of FES; C: 45 minutes after the application of FES; D: 90 minutes after application of FES. In each phase, the participants were positioned on a force platform and made three attempts to do the chosen task: touching the fingertip-to-floor test. Results: The software Matlab 7.0 provided the variable center-of-pressure velocities along the mediolateral (Vmx) and anteroposterior (Vmy) axes. In this way it was possible to see that, even when the participants showed a reduction in Vmx and Vmy, it was by less than 1%. Conclusion: This may indicate postural regulatory activity similar to before the application of FES, and even less postural regulatory activity when the centerof- pressure velocities were greater at the start, even 90 minutes after the application of FES. </subfield>
</datafield>
<datafield tag="260" ind1=" " ind2=" ">
<subfield code="b">Faculdade de Medicina, Universidade de São Paulo</subfield>
</datafield>
<dataField tag="260" ind1=" " ind2=" ">
<subfield code="c">2013-03-03 00:00:00</subfield>
</dataField>   <datafield tag="856" ind1=" " ind2=" ">
<subfield code="q">application/pdf</subfield>
</datafield>
<datafield tag="856" ind1=" " ind2=" ">
<subfield code="q">application/pdf</subfield>
</datafield>
<datafield tag="856" ind1="4" ind2="0">
<subfield code="u">https://www.revistas.usp.br/actafisiatrica/article/view/103754</subfield>
</datafield>  <datafield tag="786" ind1="0" ind2=" ">
<subfield code="n">Acta Fisiátrica; v. 20 n. 1 (2013)</subfield>
</datafield>  <datafield tag="546" ind1=" " ind2=" ">
<subfield code="a">eng</subfield>
</datafield>   <datafield tag="540" ind1=" " ind2=" ">
<subfield code="a">Copyright (c) 2013 Acta Fisiátrica</subfield>
</datafield>
</record>
</metadata>
</record>