
<record>
<header>
<identifier>oai:revistas.usp.br:article/103755</identifier>
<datestamp>2019-10-17T15:02:40Z</datestamp>
<setSpec>actafisiatrica:Tend.+Refle.</setSpec>
<setSpec>driver</setSpec>
</header>
<metadata>
<record xmlns="http://www.loc.gov/MARC21/slim" xmlns:xsi="http://www.w3.org/2001/XMLSchema-instance" xsi:schemaLocation="http://www.loc.gov/MARC21/slim http://www.loc.gov/standards/marcxml/schema/MARC21slim.xsd">
<leader>     nmb a2200000Iu 4500</leader>
<controlfield tag="008">"130303 2013                        eng  "</controlfield>
<datafield tag="022" ind1="#" ind2="#">
<subfield code="$a">2317-0190</subfield>
</datafield>
<datafield tag="022" ind1="#" ind2="#">
<subfield code="$a">0104-7795</subfield>
</datafield>
<datafield tag="042" ind1=" " ind2=" ">
<subfield code="a">dc</subfield>
</datafield>
<datafield tag="245" ind1="0" ind2="0">
<subfield code="a">A intervenção fisioterapêutica no ambulatório de cuidado a pessoa com síndrome de Down no Instituto de Medicina Física e Reabilitação HC FMUSP</subfield>
</datafield>  <datafield tag="720" ind1="1" ind2=" ">
<subfield code="a">Almeida, Munique Dias de</subfield>
<subfield code="u">Universidade de São Paulo. Faculdade de Medicina</subfield></datafield>
<datafield tag="720" ind1="1" ind2=" ">
<subfield code="a">Moreira, Maria Cecilia dos Santos</subfield>
<subfield code="u">Universidade de São Paulo. Faculdade de Medicina</subfield></datafield>
<datafield tag="720" ind1="1" ind2=" ">
<subfield code="a">Tempski, Patricia Zen</subfield>
<subfield code="u">Universidade de São Paulo. Faculdade de Medicina</subfield></datafield>
<datafield tag="520" ind1=" " ind2=" ">
<subfield code="a"> Down Syndrome (SD) is the most common chromosomopathy in humans. It is known that, if properly stimulated, these people have the potential for full social inclusion. The objective of this study is to show the work done with this population by the Physiotherapy service provided by the multiprofessional team at the Clinic for the Care of Persons with DS at the Institute of Physical Medicine and Rehabilitation at HC FMUSP. This clinic develops therapeutic activities for persons up to 18 years of age. The work is carried out in models, which are subdivided into: a DS General Stimulation Model which serves patients up to three years of age whose objectives are focused on the acquisition of motor marks, essential for neuropsychomotor development; a DS Child Development Model which helps children from four to eleven years of age that focuses on the development of more advanced motor skills, strength, posture, improvement of mobility, balance, and proprioception to optimize cerebellar activity and the consequent enhancement of static and dynamic balance; a DS Adolescent Model for those aged twelve to eighteen; and a DS Adult Model starting at age nineteen aimed at orthopedic and postural restoration in addition to providing health guidance. Physiotherapeutic monitoring is fundamental within the clinic for the care of a person with DS, for it stimulates the motor development of these children, along with the multiprofessional team and the family, respecting their time and favoring their potentials, in addition to acting to educate the family on health so as to prevent problems and promote the health of the person with DS and their nuclear family. </subfield>
</datafield>
<datafield tag="260" ind1=" " ind2=" ">
<subfield code="b">Faculdade de Medicina, Universidade de São Paulo</subfield>
</datafield>
<dataField tag="260" ind1=" " ind2=" ">
<subfield code="c">2013-03-03 00:00:00</subfield>
</dataField>   <datafield tag="856" ind1=" " ind2=" ">
<subfield code="q">application/pdf</subfield>
</datafield>
<datafield tag="856" ind1=" " ind2=" ">
<subfield code="q">application/pdf</subfield>
</datafield>
<datafield tag="856" ind1="4" ind2="0">
<subfield code="u">https://www.revistas.usp.br/actafisiatrica/article/view/103755</subfield>
</datafield>  <datafield tag="786" ind1="0" ind2=" ">
<subfield code="n">Acta Fisiátrica; v. 20 n. 1 (2013)</subfield>
</datafield>  <datafield tag="546" ind1=" " ind2=" ">
<subfield code="a">eng</subfield>
</datafield>   <datafield tag="540" ind1=" " ind2=" ">
<subfield code="a">Copyright (c) 2013 Acta Fisiátrica</subfield>
</datafield>
</record>
</metadata>
</record>