
<record>
<header>
<identifier>oai:revistas.usp.br:article/103761</identifier>
<datestamp>2019-11-25T20:11:54Z</datestamp>
<setSpec>actafisiatrica:Art.+Orig.</setSpec>
<setSpec>driver</setSpec>
</header>
<metadata>
<record xmlns="http://www.loc.gov/MARC21/slim" xmlns:xsi="http://www.w3.org/2001/XMLSchema-instance" xsi:schemaLocation="http://www.loc.gov/MARC21/slim http://www.loc.gov/standards/marcxml/schema/MARC21slim.xsd">
<leader>     nmb a2200000Iu 4500</leader>
<controlfield tag="008">"130609 2013                        eng  "</controlfield>
<datafield tag="022" ind1="#" ind2="#">
<subfield code="$a">2317-0190</subfield>
</datafield>
<datafield tag="022" ind1="#" ind2="#">
<subfield code="$a">0104-7795</subfield>
</datafield>
<datafield tag="042" ind1=" " ind2=" ">
<subfield code="a">dc</subfield>
</datafield>
<datafield tag="245" ind1="0" ind2="0">
<subfield code="a">Distonias: reabilitação</subfield>
</datafield>  <datafield tag="720" ind1="1" ind2=" ">
<subfield code="a">Almeida, Tatiane Lopes Teixeira</subfield>
</datafield>
<datafield tag="720" ind1="1" ind2=" ">
<subfield code="a">Falkenburg, Lilian</subfield>
</datafield>
<datafield tag="720" ind1="1" ind2=" ">
<subfield code="a">Gianni, Maria Angela de Campos</subfield>
</datafield>
<datafield tag="720" ind1="1" ind2=" ">
<subfield code="a">Lourenção, Maria Inês Paes</subfield>
</datafield>
<datafield tag="720" ind1="1" ind2=" ">
<subfield code="a">Nacarato, Maria Inês</subfield>
</datafield>
<datafield tag="720" ind1="1" ind2=" ">
<subfield code="a">Pedroso, Tatiana Domingues</subfield>
</datafield>
<datafield tag="720" ind1="1" ind2=" ">
<subfield code="a">Terranova, Thaís Tavares</subfield>
</datafield>
<datafield tag="720" ind1="1" ind2=" ">
<subfield code="a">Nunes, Lucas Martins de Exel</subfield>
</datafield>
<datafield tag="720" ind1="1" ind2=" ">
<subfield code="a">Rosa, Chennyfer Dobbins Paes da</subfield>
</datafield>
<datafield tag="720" ind1="1" ind2=" ">
<subfield code="a">Imamura, Marta</subfield>
<subfield code="0">https://orcid.org/0000-0003-0355-9697</subfield></datafield>
<datafield tag="720" ind1="1" ind2=" ">
<subfield code="a">Battistella, Linamara Rizzo</subfield>
<subfield code="0">https://orcid.org/0000-0001-5275-0733</subfield></datafield>
<datafield tag="520" ind1=" " ind2=" ">
<subfield code="a"> Articles in the MedLine (PubMed) database and other research sources were reviewed, with no time limit. The search strategy used was based on structured questions in the PICO format from the initials: Patient, Intervention, Control and Outcome. The descriptors used were: dystonia and (benzodiazepines or baclofen or tizanidine or clodinine): dystonia and (anticholinergics or haloperidol or lisuride); dystonia and (botulinum toxin); dystonia cervical and (speech therapy or speech pathologist or botulinum toxin); focal dystonia and (botulinum toxin); dystonia and (sensory stimulation or sensory rehabilitation); dystonia and (biofeedback or electromyography biofeedback); dystonia and (transcranial magnetic stimulation); (dystonic disorders or dystonia) and (self help devices or assistive technology or assistive technologies or rehabilitation); dystonia and (activity daily living); dystonias and (neurosurgery not intrathecal baclofen). </subfield>
</datafield>
<datafield tag="260" ind1=" " ind2=" ">
<subfield code="b">Faculdade de Medicina, Universidade de São Paulo</subfield>
</datafield>
<dataField tag="260" ind1=" " ind2=" ">
<subfield code="c">2013-06-09 00:00:00</subfield>
</dataField>   <datafield tag="856" ind1=" " ind2=" ">
<subfield code="q">application/pdf</subfield>
</datafield>
<datafield tag="856" ind1=" " ind2=" ">
<subfield code="q">application/pdf</subfield>
</datafield>
<datafield tag="856" ind1="4" ind2="0">
<subfield code="u">https://www.revistas.usp.br/actafisiatrica/article/view/103761</subfield>
</datafield>  <datafield tag="786" ind1="0" ind2=" ">
<subfield code="n">Acta Fisiátrica; v. 20 n. 2 (2013)</subfield>
</datafield>  <datafield tag="546" ind1=" " ind2=" ">
<subfield code="a">eng</subfield>
</datafield>   <datafield tag="540" ind1=" " ind2=" ">
<subfield code="a">Copyright (c) 2013 Acta Fisiátrica</subfield>
</datafield>
</record>
</metadata>
</record>