
<record>
<header>
<identifier>oai:revistas.usp.br:article/103762</identifier>
<datestamp>2019-11-25T20:26:55Z</datestamp>
<setSpec>actafisiatrica:Art.+Orig.</setSpec>
<setSpec>driver</setSpec>
</header>
<metadata>
<record xmlns="http://www.loc.gov/MARC21/slim" xmlns:xsi="http://www.w3.org/2001/XMLSchema-instance" xsi:schemaLocation="http://www.loc.gov/MARC21/slim http://www.loc.gov/standards/marcxml/schema/MARC21slim.xsd">
<leader>     nmb a2200000Iu 4500</leader>
<controlfield tag="008">"130609 2013                        eng  "</controlfield>
<datafield tag="022" ind1="#" ind2="#">
<subfield code="$a">2317-0190</subfield>
</datafield>
<datafield tag="022" ind1="#" ind2="#">
<subfield code="$a">0104-7795</subfield>
</datafield>
<datafield tag="042" ind1=" " ind2=" ">
<subfield code="a">dc</subfield>
</datafield>
<datafield tag="245" ind1="0" ind2="0">
<subfield code="a">Hérnia de disco lombar: tratamento</subfield>
</datafield>  <datafield tag="720" ind1="1" ind2=" ">
<subfield code="a">Carvalho, Lilian Braighi</subfield>
</datafield>
<datafield tag="720" ind1="1" ind2=" ">
<subfield code="a">Oyakawa, Aline</subfield>
</datafield>
<datafield tag="720" ind1="1" ind2=" ">
<subfield code="a">Martins, Renato Silva</subfield>
</datafield>
<datafield tag="720" ind1="1" ind2=" ">
<subfield code="a">Castro, Pedro Claudio Gonsales de</subfield>
</datafield>
<datafield tag="720" ind1="1" ind2=" ">
<subfield code="a">Ferreira, Luísa Moares Nunes</subfield>
</datafield>
<datafield tag="720" ind1="1" ind2=" ">
<subfield code="a">Melo, Julia Santos Assis de</subfield>
</datafield>
<datafield tag="720" ind1="1" ind2=" ">
<subfield code="a">Dilda, Tays Rodrigues</subfield>
</datafield>
<datafield tag="720" ind1="1" ind2=" ">
<subfield code="a">Alfieri, Fábio Marcon</subfield>
</datafield>
<datafield tag="720" ind1="1" ind2=" ">
<subfield code="a">Imamura, Marta</subfield>
</datafield>
<datafield tag="720" ind1="1" ind2=" ">
<subfield code="a">Rosa, Chennyfer Dobbins Paes da</subfield>
</datafield>
<datafield tag="720" ind1="1" ind2=" ">
<subfield code="a">Bernardo, Wanderley Marques</subfield>
</datafield>
<datafield tag="720" ind1="1" ind2=" ">
<subfield code="a">Battistella, Linamara Rizzo</subfield>
<subfield code="0">https://orcid.org/0000-0001-5275-0733</subfield></datafield>
<datafield tag="520" ind1=" " ind2=" ">
<subfield code="a"> Articles in the MedLine (PubMed) database and other research sources were reviewed, with no time limit. The search strategy used was based on structured questions in the (P.I.C.O.) format from the initials: Patient, Intervention, Control and Outcome. </subfield>
</datafield>
<datafield tag="260" ind1=" " ind2=" ">
<subfield code="b">Faculdade de Medicina, Universidade de São Paulo</subfield>
</datafield>
<dataField tag="260" ind1=" " ind2=" ">
<subfield code="c">2013-06-09 00:00:00</subfield>
</dataField>   <datafield tag="856" ind1=" " ind2=" ">
<subfield code="q">application/pdf</subfield>
</datafield>
<datafield tag="856" ind1=" " ind2=" ">
<subfield code="q">application/pdf</subfield>
</datafield>
<datafield tag="856" ind1="4" ind2="0">
<subfield code="u">https://www.revistas.usp.br/actafisiatrica/article/view/103762</subfield>
</datafield>  <datafield tag="786" ind1="0" ind2=" ">
<subfield code="n">Acta Fisiátrica; v. 20 n. 2 (2013)</subfield>
</datafield>  <datafield tag="546" ind1=" " ind2=" ">
<subfield code="a">eng</subfield>
</datafield>   <datafield tag="540" ind1=" " ind2=" ">
<subfield code="a">Copyright (c) 2013 Acta Fisiátrica</subfield>
</datafield>
</record>
</metadata>
</record>