
<record>
<header>
<identifier>oai:revistas.usp.br:article/103778</identifier>
<datestamp>2019-10-15T17:29:55Z</datestamp>
<setSpec>actafisiatrica:Art.+Orig.</setSpec>
<setSpec>driver</setSpec>
</header>
<metadata>
<record xmlns="http://www.loc.gov/MARC21/slim" xmlns:xsi="http://www.w3.org/2001/XMLSchema-instance" xsi:schemaLocation="http://www.loc.gov/MARC21/slim http://www.loc.gov/standards/marcxml/schema/MARC21slim.xsd">
<leader>     nmb a2200000Iu 4500</leader>
<controlfield tag="008">"130909 2013                        eng  "</controlfield>
<datafield tag="022" ind1="#" ind2="#">
<subfield code="$a">2317-0190</subfield>
</datafield>
<datafield tag="022" ind1="#" ind2="#">
<subfield code="$a">0104-7795</subfield>
</datafield>
<datafield tag="042" ind1=" " ind2=" ">
<subfield code="a">dc</subfield>
</datafield>
<datafield tag="245" ind1="0" ind2="0">
<subfield code="a">Reequilíbrio tóraco-abdominal em recém-nascidos prematuros: efeitos em parâmetros cardiorrespiratórios, no comportamento, na dor e no desconforto respiratório</subfield>
</datafield>  <datafield tag="720" ind1="1" ind2=" ">
<subfield code="a">Roussenq, Kethlen Roberta</subfield>
<subfield code="u">Universidade Estadual de Santa Catarina</subfield></datafield>
<datafield tag="720" ind1="1" ind2=" ">
<subfield code="a">Scalco, Janaina Cristina</subfield>
<subfield code="u">Universidade Estadual do Oeste do Paraná</subfield></datafield>
<datafield tag="720" ind1="1" ind2=" ">
<subfield code="a">Rosa, George Jung da</subfield>
<subfield code="u">Universidade Estadual de Santa Catarina</subfield></datafield>
<datafield tag="720" ind1="1" ind2=" ">
<subfield code="a">Honório, Gesilane Júlia da Silva</subfield>
<subfield code="u">Universidade Estadual de Santa Catarina</subfield></datafield>
<datafield tag="720" ind1="1" ind2=" ">
<subfield code="a">Schivinski, Camila Isabel Santos</subfield>
<subfield code="u">Universidade Estadual de Santa Catarina</subfield><subfield code="0">https://orcid.org/0000-0002-6139-9727</subfield></datafield>
<datafield tag="520" ind1=" " ind2=" ">
<subfield code="a"> Objetivo: Avaliar o efeito de manuseios do método fisioterapêutico de Reequilíbrio Tóraco-Abdominal (RTA) em parâmetros cardiorrespiratórios, em sinais clínicos de esforço respiratório, no comportamento e na dor de recém-nascidos (RN) prematuros com baixo peso internados em unidade de terapia intensiva. Método: Ensaio clínico controlado, randomizado com avaliador cego. Os RN foram caracterizados segundo: sexo, idade gestacional (IG), idade gestacional corrigida (IgC), peso, altura, índice de massa corpórea (IMC), tipo de parto, ventilação mecânica (VM), oxigenoterapia (O2) e Apgar. Através de sorteio foram divididos em dois grupos: G1- grupo controle e G2- grupo que recebeu RTA. Os RN foram avaliados antes e imediatamente após um dos procedimentos. Adotou-se um nível de significância de 5% (p= 0,05). Resultados: Houve diminuição significativa da FR (54,08 ± 8,34rpm x 49,77 ± 2,82 rpm, p= 0,0277) e do BSA (0,62 ± 0,96 x 0,00 ± 0,60; p= 0,0431) nos RN submetidos ao RTA. Também verificou-se menor pontuação na escala EPB do G2 em comparação ao G1 (1,00 ± 0,00 x 1,54 ± 1,13, com p= 0,0492). As outras variáveis não diferiram entre os grupos. Conclusão: Os RN prematuros de baixo peso submetidos aos manuseios do método RTA apresentaram redução da FR e do desconforto respiratório. Não houve prejuízo alteração no comportamento dos neonatos com a aplicação da técnica. </subfield>
</datafield>
<datafield tag="260" ind1=" " ind2=" ">
<subfield code="b">Faculdade de Medicina, Universidade de São Paulo</subfield>
</datafield>
<dataField tag="260" ind1=" " ind2=" ">
<subfield code="c">2013-09-09 00:00:00</subfield>
</dataField>   <datafield tag="856" ind1=" " ind2=" ">
<subfield code="q">application/pdf</subfield>
</datafield>
<datafield tag="856" ind1="4" ind2="0">
<subfield code="u">https://www.revistas.usp.br/actafisiatrica/article/view/103778</subfield>
</datafield>  <datafield tag="786" ind1="0" ind2=" ">
<subfield code="n">Acta Fisiátrica; v. 20 n. 3 (2013)</subfield>
</datafield>  <datafield tag="546" ind1=" " ind2=" ">
<subfield code="a">por</subfield>
</datafield>   <datafield tag="540" ind1=" " ind2=" ">
<subfield code="a">Copyright (c) 2013 Acta Fisiátrica</subfield>
</datafield>
</record>
</metadata>
</record>