
<record>
<header>
<identifier>oai:revistas.usp.br:article/103779</identifier>
<datestamp>2019-10-15T17:59:51Z</datestamp>
<setSpec>actafisiatrica:Art.+Orig.</setSpec>
<setSpec>driver</setSpec>
</header>
<metadata>
<record xmlns="http://www.loc.gov/MARC21/slim" xmlns:xsi="http://www.w3.org/2001/XMLSchema-instance" xsi:schemaLocation="http://www.loc.gov/MARC21/slim http://www.loc.gov/standards/marcxml/schema/MARC21slim.xsd">
<leader>     nmb a2200000Iu 4500</leader>
<controlfield tag="008">"130909 2013                        eng  "</controlfield>
<datafield tag="022" ind1="#" ind2="#">
<subfield code="$a">2317-0190</subfield>
</datafield>
<datafield tag="022" ind1="#" ind2="#">
<subfield code="$a">0104-7795</subfield>
</datafield>
<datafield tag="042" ind1=" " ind2=" ">
<subfield code="a">dc</subfield>
</datafield>
<datafield tag="245" ind1="0" ind2="0">
<subfield code="a">Avaliação do perfil, satisfação e efetividade do tratamento fisioterapêutico em grupo nos pacientes com osteoartrite de joelho</subfield>
</datafield>  <datafield tag="720" ind1="1" ind2=" ">
<subfield code="a">Rodrigues, Rafaela Castro</subfield>
</datafield>
<datafield tag="720" ind1="1" ind2=" ">
<subfield code="a">Pontin, José Carlos Baldocchi</subfield>
<subfield code="u">Universidade Federal de São Paulo</subfield><subfield code="0">https://orcid.org/0000-0002-3767-3159</subfield></datafield>
<datafield tag="720" ind1="1" ind2=" ">
<subfield code="a">Falcon, Sandra Martim</subfield>
<subfield code="u">Universidade Federal de São Paulo</subfield></datafield>
<datafield tag="720" ind1="1" ind2=" ">
<subfield code="a">Chamlian, Therezinha Rosane</subfield>
<subfield code="u">Universidade Federal de São Paulo</subfield></datafield>
<datafield tag="520" ind1=" " ind2=" ">
<subfield code="a"> A osteoartrite (OA) é uma doença crônica degenerativa de progressão lenta que mais frequentemente afeta o joelho. Dentre os fatores predisponentes estão envelhecimento, obesidade, lesões ou cirurgias prévias, esforço ocupacional e recreacional cumulativo, mau alinhamento articular e fraqueza muscular. A fisioterapia no tratamento conservador objetiva a melhora da força muscular, amplitude de movimento e estabilidade articular. A fisioterapia em grupo é realizada duas vezes por semana, com exercícios de alongamento e fortalecimento de membros inferiores e treino sensório-motor. Objetivo: Os objetivos deste estudo foram caracterizar perfis socioeconômico e de saúde, distribuição por gênero e idade e melhora da dor e satisfação dos pacientes com OA de joelho que realizaram fisioterapia em grupo entre janeiro de 2005 a julho de 2011. Método: Para isso, foram contactados via telefone 45 pacientes com média de 59,1 ± 8,17 anos que permaneceram em tratamento por 246 ± 99 dias, sendo que destes 28,9% eram aposentados, 49% hipertensos, 57,7% tinham dificuldade para subir 1 lance de escada e 80% vinham à fisioterapia de ônibus. Resultados: Houve uma melhora de dor estatisticamente significativa para os pacientes atendidos nos anos de 2007 (p= 0,006), 2008 (p= 0,001), 2009 (p= 0,003) e 2010 (p= 0,048). Conclusão: Por meio da análise de determinantes pessoais e físicos podemos concluir que o tratamento fisioterapêutico em grupo pôde atender satisfatoriamente a população levando a uma melhora de 35,82% da média de dor e, consequentemente à satisfação de 95,6% dos pacientes incluídos nesse estudo. </subfield>
</datafield>
<datafield tag="260" ind1=" " ind2=" ">
<subfield code="b">Faculdade de Medicina, Universidade de São Paulo</subfield>
</datafield>
<dataField tag="260" ind1=" " ind2=" ">
<subfield code="c">2013-09-09 00:00:00</subfield>
</dataField>   <datafield tag="856" ind1=" " ind2=" ">
<subfield code="q">application/pdf</subfield>
</datafield>
<datafield tag="856" ind1="4" ind2="0">
<subfield code="u">https://www.revistas.usp.br/actafisiatrica/article/view/103779</subfield>
</datafield>  <datafield tag="786" ind1="0" ind2=" ">
<subfield code="n">Acta Fisiátrica; v. 20 n. 3 (2013)</subfield>
</datafield>  <datafield tag="546" ind1=" " ind2=" ">
<subfield code="a">por</subfield>
</datafield>   <datafield tag="540" ind1=" " ind2=" ">
<subfield code="a">Copyright (c) 2013 Acta Fisiátrica</subfield>
</datafield>
</record>
</metadata>
</record>