
<record>
<header>
<identifier>oai:revistas.usp.br:article/103780</identifier>
<datestamp>2019-10-15T18:17:16Z</datestamp>
<setSpec>actafisiatrica:Art.+Orig.</setSpec>
<setSpec>driver</setSpec>
</header>
<metadata>
<record xmlns="http://www.loc.gov/MARC21/slim" xmlns:xsi="http://www.w3.org/2001/XMLSchema-instance" xsi:schemaLocation="http://www.loc.gov/MARC21/slim http://www.loc.gov/standards/marcxml/schema/MARC21slim.xsd">
<leader>     nmb a2200000Iu 4500</leader>
<controlfield tag="008">"130909 2013                        eng  "</controlfield>
<datafield tag="022" ind1="#" ind2="#">
<subfield code="$a">2317-0190</subfield>
</datafield>
<datafield tag="022" ind1="#" ind2="#">
<subfield code="$a">0104-7795</subfield>
</datafield>
<datafield tag="042" ind1=" " ind2=" ">
<subfield code="a">dc</subfield>
</datafield>
<datafield tag="245" ind1="0" ind2="0">
<subfield code="a">Um estudo do processo expressivo de afásicos sob enfoque da psicologia junguiana</subfield>
</datafield>  <datafield tag="720" ind1="1" ind2=" ">
<subfield code="a">Vergueiro, Paola Vieitas</subfield>
<subfield code="u">Universidade Paulista</subfield></datafield>
<datafield tag="720" ind1="1" ind2=" ">
<subfield code="a">Wahba, Liliana Liviano</subfield>
<subfield code="u">Pontifícia Universidade Católica de São Paulo</subfield></datafield>
<datafield tag="720" ind1="1" ind2=" ">
<subfield code="a">Conforto, Adriana Bastos</subfield>
<subfield code="u">Universidade de São Paulo. Faculdade de Medicina</subfield></datafield>
<datafield tag="720" ind1="1" ind2=" ">
<subfield code="a">Masini, Maria Lucia Hage</subfield>
<subfield code="u">Pontifícia Universidade Católica de São Paulo</subfield></datafield>
<datafield tag="720" ind1="1" ind2=" ">
<subfield code="a">Fuso, Simone Freitas</subfield>
<subfield code="u">Universidade Presbiteriana Mackenzie</subfield></datafield>
<datafield tag="520" ind1=" " ind2=" ">
<subfield code="a"> Este artigo descreve uma pesquisa exploratória em que se aplica técnica expressiva plástica a afásicos de expressão, vítimas de acidente vascular cerebral isquêmico (AVCI) no hemisfério esquerdo. Objetivo: Investigar os resultados da intervenção realizando estudos de caso com base no método clínico e análise qualitativa, com enfoque teórico da psicologia junguiana. Método: Utiliza testes antes e depois da intervenção, como critério externo: a técnica projetiva HTP - House-Tree-Person, aponta mudanças de personalidade condizentes com as observadas no processo; o teste de percepção emocional International Affective Picture System - IAPS, e seu sistema de registro de respostas Self-Assessment Manikin - SAM, auxilia a lançar hipóteses sobre a transformação emocional dos participantes; o European Brain Injury Questionnaire - EBIQ, fornece substratos para discutir a transformação da visão dos sujeitos sobre seus próprios problemas. Mediante o método do Discurso do Sujeito Coletivo identifica etapas do processo expressivo com conteúdos comuns ao grupo atendido. Resultados: Os resultados dos estudos de caso, do DSC e dos instrumentos de avaliação revelam que, ao final, os participantes, sem exceção, mostraram-se fortalecidos, mais próximos da sua própria realidade e enriquecidos no contato consigo mesmos e com o mundo externo. Conclusão: Os instrumentos de avaliação o confirmam, assinalando o valor terapêutico da técnica proposta e sugerindo que esta forma de intervenção pode ser útil no processo de reabilitação de afásicos. </subfield>
</datafield>
<datafield tag="260" ind1=" " ind2=" ">
<subfield code="b">Faculdade de Medicina, Universidade de São Paulo</subfield>
</datafield>
<dataField tag="260" ind1=" " ind2=" ">
<subfield code="c">2013-09-09 00:00:00</subfield>
</dataField>   <datafield tag="856" ind1=" " ind2=" ">
<subfield code="q">application/pdf</subfield>
</datafield>
<datafield tag="856" ind1="4" ind2="0">
<subfield code="u">https://www.revistas.usp.br/actafisiatrica/article/view/103780</subfield>
</datafield>  <datafield tag="786" ind1="0" ind2=" ">
<subfield code="n">Acta Fisiátrica; v. 20 n. 3 (2013)</subfield>
</datafield>  <datafield tag="546" ind1=" " ind2=" ">
<subfield code="a">por</subfield>
</datafield>   <datafield tag="540" ind1=" " ind2=" ">
<subfield code="a">Copyright (c) 2013 Acta Fisiátrica</subfield>
</datafield>
</record>
</metadata>
</record>
<resumptionToken expirationDate="2023-08-08T14:50:14Z" completeListSize="935" cursor="450">437bfcfcfa3c23aff8a69aecffef5959</resumptionToken>
</ListRecords>
</OAI-PMH> 